<record><leader>00000cas a22000007a 4500</leader><controlfield tag="001">31950234</controlfield><controlfield tag="008">950207d19311933okuwr n       0    0eng d</controlfield><datafield ind1=" " ind2=" " tag="010"><subfield code="a">sn 95076066 </subfield></datafield><datafield ind1=" " ind2=" " tag="040"><subfield code="a">OBN</subfield><subfield code="b">eng</subfield><subfield code="c">OBN</subfield><subfield code="d">OCL</subfield><subfield code="d">OCLCQ</subfield><subfield code="d">OCLCF</subfield><subfield code="d">OCLCO</subfield></datafield><datafield ind1="1" ind2=" " tag="029"><subfield code="a">AU@</subfield><subfield code="b">000011527055</subfield></datafield><datafield ind1=" " ind2=" " tag="042"><subfield code="a">msc</subfield></datafield><datafield ind1=" " ind2=" " tag="043"><subfield code="a">n-us-ok</subfield></datafield><datafield ind1="0" ind2="4" tag="245"><subfield code="a">The Moore times.</subfield></datafield><datafield ind1=" " ind2=" " tag="260"><subfield code="a">Moore, Cleveland County, Okla. :</subfield><subfield code="b">Gerald Ray Jacobs</subfield></datafield><datafield ind1=" " ind2=" " tag="300"><subfield code="a">v.</subfield></datafield><datafield ind1=" " ind2=" " tag="310"><subfield code="a">Weekly</subfield></datafield><datafield ind1="0" ind2=" " tag="362"><subfield code="a">-v. 2, no. 44 (June 29,1933).</subfield></datafield><datafield ind1="1" ind2=" " tag="362"><subfield code="a">Began in 1931.</subfield></datafield><datafield ind1=" " ind2=" " tag="588"><subfield code="a">Description based on: Vol. 1, no. 4 (Sep. 24, 1931).</subfield></datafield><datafield ind1=" " ind2="0" tag="651"><subfield code="a">Moore (Okla.)</subfield><subfield code="v">Newspapers.</subfield></datafield><datafield ind1=" " ind2="0" tag="651"><subfield code="a">Cleveland County (Okla.)</subfield><subfield code="v">Newspapers.</subfield></datafield><datafield ind1=" " ind2="7" tag="655"><subfield code="a">Newspapers.</subfield><subfield code="2">fast</subfield><subfield code="0">(OCoLC)fst01423814</subfield></datafield><datafield ind1=" " ind2="7" tag="651"><subfield code="a">Oklahoma</subfield><subfield code="z">Cleveland County.</subfield><subfield code="2">fast</subfield><subfield code="0">(OCoLC)fst01223119</subfield></datafield><datafield ind1=" " ind2="7" tag="651"><subfield code="a">Oklahoma</subfield><subfield code="z">Moore.</subfield><subfield code="2">fast</subfield><subfield code="0">(OCoLC)fst01221564</subfield></datafield><datafield ind1=" " ind2=" " tag="752"><subfield code="a">United States</subfield><subfield code="b">Oklahoma</subfield><subfield code="c">Cleveland</subfield><subfield code="d">Moore.</subfield></datafield><datafield ind1="0" ind2="0" tag="785"><subfield code="t">Cleveland County times</subfield><subfield code="w">(DLC)sn 95076007</subfield><subfield code="w">(OCoLC)31950383</subfield></datafield></record>